<record><leader>00000cas a2200000 a 4500</leader><controlfield tag="001">18945815</controlfield><controlfield tag="008">881228d18911895tnuwr ne      0    0eng d</controlfield><datafield ind1=" " ind2=" " tag="010"><subfield code="a">sn 88061283 </subfield></datafield><datafield ind1=" " ind2=" " tag="040"><subfield code="a">KNP</subfield><subfield code="b">eng</subfield><subfield code="c">KNP</subfield><subfield code="d">TGN</subfield><subfield code="d">OCL</subfield><subfield code="d">OCLCQ</subfield><subfield code="d">OCLCO</subfield></datafield><datafield ind1="1" ind2=" " tag="029"><subfield code="a">AU@</subfield><subfield code="b">000020037962</subfield></datafield><datafield ind1=" " ind2=" " tag="042"><subfield code="a">msc</subfield></datafield><datafield ind1=" " ind2=" " tag="043"><subfield code="a">n-us-tn</subfield></datafield><datafield ind1="0" ind2="4" tag="245"><subfield code="a">The Allardt gazette.</subfield></datafield><datafield ind1=" " ind2=" " tag="260"><subfield code="a">Allardt, Fentress County, Tenn. :</subfield><subfield code="b">Foster &amp; Albertson,</subfield><subfield code="c">1891-1895.</subfield></datafield><datafield ind1=" " ind2=" " tag="300"><subfield code="a">v.</subfield></datafield><datafield ind1=" " ind2=" " tag="310"><subfield code="a">Weekly</subfield></datafield><datafield ind1="0" ind2=" " tag="362"><subfield code="a">Vol. 1, no. 1 (Nov. 12, 1891)-v. 4, no. 19 (Mar. 21, 1895).</subfield></datafield><datafield ind1=" " ind2=" " tag="500"><subfield code="a">Publishers: Foster &amp; Albertson, 1891; E. Blanchard &amp; T.C. Sherman, 1891-1892; J.W. Blanchard &amp; T.C. Sherman, 1892-1895.</subfield></datafield><datafield ind1=" " ind2=" " tag="515"><subfield code="a">Vol. 4, no. 19 (Mar. 21, 1895) also called whole no. 175.</subfield></datafield><datafield ind1=" " ind2=" " tag="580"><subfield code="a">Merged with: Fentress County news (Jamestown, Tenn. : 1892), to form: Fentress County gazette.</subfield></datafield><datafield ind1=" " ind2="0" tag="651"><subfield code="a">Allardt (Tenn.)</subfield><subfield code="v">Newspapers.</subfield></datafield><datafield ind1=" " ind2="0" tag="651"><subfield code="a">Fentress County (Tenn.)</subfield><subfield code="v">Newspapers.</subfield></datafield><datafield ind1=" " ind2=" " tag="752"><subfield code="a">United States</subfield><subfield code="b">Tennessee</subfield><subfield code="c">Fentress</subfield><subfield code="d">Allardt.</subfield></datafield><datafield ind1="1" ind2="7" tag="785"><subfield code="t">Fentress County news (Jamestown, Tenn. : 1892)</subfield></datafield><datafield ind1="1" ind2="7" tag="785"><subfield code="t">Fentress County gazette</subfield><subfield code="w">(DLC)sn 88061284</subfield></datafield></record>